<?xml version="1.0" encoding="UTF-8"?><collection xmlns="http://www.loc.gov/MARC21/slim"><record><leader>00571nam--2200217-u-4500</leader><controlfield tag="001">000051133</controlfield><controlfield tag="002">20161230</controlfield><controlfield tag="005">20161230201049</controlfield><controlfield tag="008">080522s1000------------r-----000-0-eng-d</controlfield><datafield ind1=" " ind2=" " tag="020"><subfield code="a">0-8218-0922-9</subfield></datafield><datafield ind1=" " ind2=" " tag="040"><subfield code="a">IFIN-HH</subfield></datafield><datafield ind1=" " ind2=" " tag="080"><subfield code="a">514.13</subfield></datafield><datafield ind1="1" ind2=" " tag="100"><subfield code="a">Stillwell, John</subfield></datafield><datafield ind1="1" ind2=" " tag="245"><subfield code="a">Sources of Hyperbolic Geometry</subfield></datafield><datafield ind1=" " ind2=" " tag="260"><subfield code="a">Providence</subfield><subfield code="b">American Mathematical Society</subfield><subfield code="c">1996</subfield></datafield><datafield ind1=" " ind2=" " tag="300"><subfield code="a">153 p</subfield></datafield><datafield ind1=" " ind2=" " tag="490"><subfield code="a">History of Mathematics</subfield><subfield code="v">vol. 10</subfield></datafield><datafield ind1=" " ind2="4" tag="650"><subfield code="a">Hyperbolic geometry</subfield></datafield><datafield ind1="1" ind2=" " tag="700"><subfield code="a">John Stillwell</subfield></datafield><datafield ind1=" " ind2=" " tag="852"><subfield code="a">82098</subfield><subfield code="c">513</subfield></datafield><datafield ind1=" " ind2=" " tag="CAT"><subfield code="a">Sys</subfield><subfield code="c">20080522</subfield><subfield code="h">094338</subfield></datafield></record></collection>